1904 3230
918 263 1106 321 (ΜΟ)

466 421 554 454 Tam.
584 420 634 454 10.
662 441 705 446 —
727 422 870 455 Aconm:
893 423 1006 456 Dmrt.
1034 423 1138 466 Syll„
1162 423 1263 465 Junq.
1288 435 1323 465 p.
1350 423 1392 457 75
1417 423 1543 467 (1859).

385 532 577 575 Colesula
595 533 728 575 nulla.
751 532 930 590 Capsula
954 534 1247 591 quadrivalvis.

435 677 641 715 XXXVI.
665 698 717 704 —-
736 675 1090 730 Mniopsis
1110 678 1240 715 Dmrt.
1264 675 1361 714 Tab.
1385 677 1452 724 ΙΙΙ,
1472 675 1500 713 s.
1526 675 1591 713 56.

383 801 543 844 Sealius
561 801 679 855 Gray
694 803 805 845 Brit.
825 804 905 858 pl„
932 803 966 854 1,
983 817 1029 858 p.
1052 803 1138 845 704
1154 802 1312 860 (1821)
1332 817 1417 845 non
1432 801 1572 844 Scalia
1590 800 1703 844 Sims

324 872 496 930 (1806).
524 899 582 904 —
603 873 779 926 Sealius,
802 888 957 916 nomen
985 874 1169 916 hominis
1191 883 1251 917 est
1272 888 1356 916 non
1379 873 1559 931 plantae.

384 945 587 1001 Mniopsis
603 944 743 986 Dmrt.
766 943 925 986 Comm.
947 945 1044 997 bot„
1061 959 1107 999 p.
1128 945 1210 986 114
1229 943 1401 1002 (1822),
1422 943 1527 998 Syll.
1548 944 1700 999 Junq„

319 1031 365 1071 p.
392 1015 463 1068 75,
490 1022 518 1057 t.
541 1016 584 1066 2,
606 1016 679 1069 [29.
709 1015 762 1057 14
785 1029 869 1057 non
886 1015 1041 1057 Martii
1055 1014 1229 1073 (1824).

383 1087 612 1143 Lejeuniae
635 1086 895 1143 sp.‘Spren9.
922 1086 1032 1142 Syst.
1057 1087 1172 1142 Veq„
1199 1087 1274 1139 IV,
1292 1102 1337 1142 p.
1359 1087 1447 1129 254
1465 1086 1638 1145 (1827).

383 1158 680 1214 Gymnomitrii
719 1166 841 1215 typus
879 1157 1016 1200 Corda
1048 1160 1093 1200 in
1129 1157 1250 1213 Opiz.
1286 1158 1701 1210 Naturalientausch,

320 1246 365 1286 p.
394 1230 473 1273 651
502 1229 676 1287 (1829),
701 1244 774 1271 nec
793 1229 912 1282 Nees,
933 1244 1005 1271 nec
1026 1230 1220 1272 Hitbner.

384 1301 692 1359 Haplomitrion
710 1301 812 1344 Nees
828 1302 990 1356 Europ.
1010 1301 1220 1355 Leberm„
1242 1301 1276 1354 Ι,
1294 1316 1339 1357 p.
1371 1301 1454 1344 109
1477 1299 1648 1358 (1855).

353 1403 666 1446 Perichaetium
696 1402 954 1459 diphyllum,
986 1401 1097 1444 foliis
1126 1401 1360 1454 conforme,
1391 1402 1546 1459 phyllis
1575 1415 1704 1460 oppo-

323 1475 427 1518 sitis.

384 1545 579 1590 Colesula
603 1545 735 1588 nulla.

385 1619 579 1676 Calyptra
616 1618 773 1670 libera,
812 1618 943 1669 nuda,
986 1626 1164 1669 exserta,
1206 1617 1415 1673 elongata,
1455 1616 1701 1672 cylindriea‚

323 1689 578 1749 periehaetio
601 1688 778 1744 longior.
1311 1737 1316 1742 ¹

382 1760 563 1818 Capsula
597 1759 892 1816 quadrivalvis,
921 1759 1124 1812 eoriacea,
1147 1759 1275 1802 valvis
1306 1759 1458 1801 strictis
1483 1758 1600 1816 apice
1623 1758 1706 1802 ela-

324 1832 518 1875 teriferis.

387 1904 574 1947 Elateres
598 1903 787 1956 solitarii,
813 1903 936 1956 nudi,
962 1903 1248 1961 persistentes,
1274 1902 1462 1946 solitarii.

359 1999 541 2043 Mniopsis,
557 2010 575 2032 a
592 2010 645 2032 me
661 2010 749 2033 anno
764 1999 848 2034 1822
863 2001 1046 2042 nominata,
1065 2011 1104 2033 ex
1118 2000 1256 2034 vocibus
1273 1999 1399 2044 graecis
1418 1995 1549 2042 Μνὶον,
1562 2010 1710 2041 museus,

315 2067 347 2096 et
370 2058 482 2106 Οψις,
502 2062 621 2106 figura,
638 2067 777 2107 propter
793 2063 913 2107 faciem
929 2062 1075 2107 plantae.

359 2124 470 2157 Genus
495 2123 664 2164 Mniopsis
686 2123 810 2164 Martii,
838 2128 952 2156 nostro
979 2122 1108 2156 duobus
1133 2124 1231 2157 annis
1252 2123 1428 2168 posterior,
1455 2128 1505 2156 est
1526 2122 1711 2168 Sprengelii

317 2185 469 2218 Crenias.
489 2185 649 2218 Nostrum
663 2189 712 2218 est
728 2183 818 2218 certe
834 2184 1102 2228 Gymnomitrion
1116 2188 1217 2228 typus
1231 2182 1370 2226 Cordae,
1389 2182 1539 2216 anthei-is
1555 2182 1590 2215 in
1606 2181 1712 2216 axillis

316 2245 473 2279 soliorum
494 2245 735 2286 terminalium,
761 2250 800 2278 ut
824 2245 858 2278 in
876 2244 1025 2288 diagnosi
1049 2244 1189 2285 cordae,
1213 2243 1363 2289 calyptra
1389 2243 1518 2277 exserta}
1546 2243 1650 2287 nuda,
1673 2248 1712 2277 ut

316 2305 388 2339 vult
404 2316 539 2347 nomen,
558 2316 619 2338 nec
635 2305 840 2350 perichaetio
854 2303 1024 2345 immersa,
1042 2303 1106 2348 qui}
1120 2302 1196 2336 notzi
1211 2302 1229 2335 Ξι
1244 2307 1405 2347 sequente
1422 2302 1516 2335 facile
1533 2301 1657 2336 differt.

356 2381 492 2414 Plantae
509 2381 718 2426 estipulatae,
736 2381 820 2415 soliis
835 2380 1029 2414 multifariis
1042 2380 1334 2419 transversalibus,
1355 2379 1518 2420 indivisis,
1537 2378 1632 2412 laxis.
