1904 3230
952 293 970 350 (
1003 295 1029 336 6
1061 295 1080 351 >

387 396 475 438 Hoc
498 403 702 451 tempore,
729 394 793 437 Cl.
821 395 929 437 Nees
961 395 1013 436 ab
1040 395 1263 437 Esenbeek
1296 396 1506 452 integrum
1527 398 1709 453 Junger—

326 467 522 510 manniae
563 480 695 522 genus
741 466 996 508 servandum
1039 481 1130 509 esse
1179 475 1301 510 tenax
1344 468 1540 520 docebat,
1584 477 1625 511 et
1666 469 1707 510 in

324 542 397 582 sua
421 538 740 581 enumeratione
763 538 1001 595 plantarum
1025 539 1428 595 cryptogamicarum
1444 540 1586 592 Javae,
1607 541 1709 583 scri-

324 611 447 653 bebat
487 630 503 648 α
544 624 697 665 genera
733 610 853 666 plura
887 611 910 652 e
941 611 1277 665 Jungermannia
1309 612 1499 668 apprime
1525 613 1703 655 naturali

318 696 474 737 genere
496 681 609 739 (sic),
639 682 762 724 invita
788 685 951 733 natura,
977 682 1106 724 fuisse
1130 691 1359 739 procreata.
1392 702 1408 720 »
1443 684 1542 726 Post
1562 693 1704 727 autem

318 753 530 810 Syllogem
563 762 772 804 nostram,
810 753 1056 795 inanitatem
1091 753 1218 809 liujus
1256 754 1403 797 videns
1442 755 1700 806 sententiae,

317 838 450 879 genus
475 823 692 866 dividendi
723 824 1016 866 necessitatem
1050 824 1137 880 ipse
1161 824 1374 866 consessus
1404 834 1483 876 est,
1508 824 1582 867 sed
1606 838 1704 881 pru-

317 897 400 938 ritu
438 896 564 938 salsae
602 896 759 951 gloriae
790 904 972 947 coactus,
1007 895 1201 938 manibus
1240 897 1503 953 pedibusque
1541 897 1704 939 sudavit

318 979 363 1011 ut
385 984 537 1024 genera
562 984 653 1011 mea
679 983 919 1025 nomenque
946 984 1091 1012 meum
1122 970 1213 1012 sine
1240 971 1412 1027 pudoris
1450 980 1558 1013 tactu
1586 971 1703 1014 dele-

316 1050 395 1092 ret,
426 1041 677 1097 propriaque
708 1041 800 1084 sine
827 1040 923 1096 jure
956 1040 1197 1092 conticeret,
1224 1051 1268 1083 ut
1289 1042 1478 1098 seipsum
1500 1056 1575 1099 pro
1594 1042 1701 1084 Jun-

315 1111 762 1168 germanniographiac
808 1111 1055 1153 reformatae
1100 1112 1368 1154 fundatorem
1419 1113 1552 1155 daret.
1603 1112 1698 1167 Quo

315 1182 400 1223 viso
424 1191 464 1223 et
484 1182 771 1236 indignatione
793 1181 939 1233 frctus,
960 1182 1212 1224 revisionem
1232 1196 1438 1237 generum
1455 1198 1566 1225 anno
1587 1183 1699 1226 1855

314 1253 478 1308 scripsi,
514 1253 554 1293 in
583 1256 663 1308 qua
695 1253 901 1294 sectiones
934 1267 955 1294 a
989 1267 1056 1294 me
1090 1253 1131 1294 in
1165 1253 1331 1308 Sylloge
1363 1255 1610 1311 propositas,
1647 1254 1699 1296 ad

312 1324 559 1377 dignitatem
594 1324 834 1378 genericam
872 1324 1043 1366 elevavi.
1082 1325 1213 1365 Erant
1249 1325 1365 1366 enim
1398 1338 1552 1380 genera
1586 1339 1699 1367 com-

315 1395 451 1451 plura,
481 1410 502 1436 a
536 1409 603 1437 me
636 1395 830 1451 primitus
855 1396 1095 1447 constituta,
1131 1396 1251 1438 valde
1277 1396 1507 1448 collectiva,
1544 1396 1696 1441 formas

311 1468 537 1510 dissimiles
571 1467 845 1518 continentia,
882 1477 923 1510 et
955 1469 1026 1524 qui
1060 1468 1209 1510 sedulo
1246 1468 1426 1510 Radulas
1458 1469 1698 1526 complana-

312 1548 411 1590 tam,
440 1539 686 1581 undulatam
709 1548 750 1581 et
773 1539 1096 1595 asplenioidem,
1126 1539 1190 1581 vel
1217 1539 1572 1594 Jungcrmannias
1593 1540 1698 1582 albi-

311 1620 491 1662 cantem,
513 1611 917 1663 cochleariformem,
939 1611 1142 1662 ciliarem,
1160 1611 1692 1664 lanceolatam‚barbatam,

311 1682 584 1733 bidentatam,
619 1681 942 1739 bicuspidatam‚
978 1683 1300 1739 trichopliyllam
1339 1693 1379 1727 et
1415 1677 1691 1737 setiformem,

310 1753 350 1794 in
394 1753 517 1794 unico
558 1766 714 1807 genere
741 1752 982 1808 conjunctas
1015 1754 1264 1810 conspicuit‚
1302 1764 1360 1798 tot
1399 1755 1694 1798 distinctorum

307 1836 513 1878 generum
543 1832 660 1880 typos
698 1823 816 1866 facile
845 1832 1126 1879 recognoscet.
1154 1824 1278 1879 Quod
1315 1826 1356 1867 in
1390 1826 1468 1868 hoc
1489 1826 1693 1883 opusculo

308 1894 575 1950 proclamavi,
620 1908 726 1951 opus
763 1902 1002 1936 constanter
1038 1894 1276 1952 perficiens.

364 1964 569 2007 Venilicia
604 1978 697 2007 mea
730 1965 783 2007 de
819 1965 1241 2020 Jungermanniaceis
1281 1966 1406 2021 igitur
1438 1966 1541 2008 haec
1572 1975 1685 2008 sunt.

309 2037 559 2093 Nuperrime
603 2045 746 2079 autem
790 2037 853 2079 Cl.
890 2037 1158 2090 Carruthers‚
1200 2039 1242 2080 in
1284 2038 1512 2082 Seemanni
1556 2039 1690 2082 diario

306 2107 497 2149 botanico
517 2108 617 2150 anni
642 2108 771 2160 1867,
792 2123 897 2165 opus
920 2108 1127 2151 Samuelis
1145 2109 1273 2165 Gray,
1293 2124 1318 2152 α
1341 2111 1514 2153 natural
1536 2125 1690 2152 arran-

303 2186 463 2232 (semem
479 2179 701 2233 ofBritislc
712 2180 855 2234 plancs-
873 2188 1164 2236 nuncupatum
1181 2189 1222 2222 et
1241 2194 1351 2222 anno
1374 2181 1480 2223 1821
1503 2181 1684 2232 editum,

303 2250 498 2291 omnibus
530 2250 731 2292 botanicis
761 2259 803 2292 et
833 2250 1011 2307 ipsomet
1035 2250 1232 2293 Pritzelio
1260 2251 1537 2307 incognitum,
1571 2265 1685 2294 reve-

303 2320 414 2372 lavit,
436 2321 476 2362 in
500 2336 582 2378 quo
599 2335 751 2376 genera
770 2322 792 2363 J
801 2323 1204 2377 ungermanniarum
1226 2323 1278 2365 ab
1302 2323 1379 2366 isto
1397 2332 1531 2366 creata
1549 2323 1686 2366 divul-

302 2393 425 2447 gavit.
447 2393 553 2435 Sunt
569 2402 711 2436 autem
728 2394 928 2451 pleraque
945 2395 1019 2437 ista
1037 2409 1191 2450 genera
1211 2397 1453 2439 nominibus
1470 2397 1684 2452 designata

298 2462 386 2517 jam
417 2472 536 2505 antea
560 2463 652 2505 aliis
676 2465 901 2518 generibus
921 2465 1135 2518 attributa,
1155 2475 1196 2508 et
1219 2467 1532 2510 nomenclatura
1556 2468 1682 2523 Grayi

303 2533 353 2574 ad
380 2548 570 2575 normam
601 2535 718 2588 regni
745 2535 957 2587 animalis,
988 2551 1065 2579 nec
1099 2537 1352 2594 plantarum,
1383 2547 1445 2580 est
1478 2538 1681 2590 confecta,

306 2614 445 2647 contra
471 2605 679 2647 botaniccs
710 2607 915 2661 regulam,
942 2617 980 2649 ct
1019 2609 1145 2663 igitur
1178 2610 1480 2666 postponenda.
1507 2610 1598 2665 Qua
1625 2610 1678 2651 dc
